<?xml version="1.0" encoding="UTF-8"?><collection xmlns="http://www.loc.gov/MARC21/slim"><record><leader>00491nam--2200181-i-4500</leader><controlfield tag="001">000042149</controlfield><controlfield tag="002">20161230</controlfield><controlfield tag="005">20161230201043</controlfield><controlfield tag="008">060222s1000------------r-----000-0-eng-d</controlfield><datafield ind1=" " ind2=" " tag="040"><subfield code="a">IFIN-HH</subfield></datafield><datafield ind1=" " ind2=" " tag="080"><subfield code="a">541.133</subfield></datafield><datafield ind1="1" ind2=" " tag="100"><subfield code="a">Geller, S</subfield></datafield><datafield ind1="1" ind2="0" tag="245"><subfield code="a">Topics in applied physics. vol. 21. solid electrolytes</subfield><subfield code="c">S. geller (ed.)</subfield></datafield><datafield ind1=" " ind2=" " tag="260"><subfield code="a">Berlin</subfield><subfield code="b">Springer-verlag</subfield><subfield code="c">1977</subfield></datafield><datafield ind1=" " ind2=" " tag="300"><subfield code="a">X+229 P</subfield></datafield><datafield ind1=" " ind2=" " tag="490"><subfield code="a">Topics In Applied Physics, 21</subfield></datafield><datafield ind1=" " ind2=" " tag="852"><subfield code="a">40951</subfield><subfield code="c">53</subfield></datafield><datafield ind1=" " ind2=" " tag="CAT"><subfield code="a">Sys</subfield><subfield code="c">20150317</subfield><subfield code="h">155426</subfield></datafield></record></collection>